@article{schulman2015highdimensional,
  title={High-dimensional continuous control using generalized advantage estimation},
  author={Schulman, John and Moritz, Philipp and Levine, Sergey and Jordan, Michael and Abbeel, Pieter},
  journal={arXiv preprint arXiv:1506.02438},
  year={2015}
}

@article{schulman2017proximal,
  title={Proximal policy optimization algorithms},
  author={Schulman, John and Wolski, Filip and Dhariwal, Prafulla and Radford, Alec and Klimov, Oleg},
  journal={arXiv preprint arXiv:1707.06347},
  year={2017}
}

@book{sutton1998introduction,
  title={Introduction to reinforcement learning},
  author={Sutton, Richard S and Barto, Andrew G and others},
  volume={135},
  year={1998},
  publisher={MIT press Cambridge}
}

@inproceedings{henderson2018deep,
  title={Deep reinforcement learning that matters},
  author={Henderson, Peter and Islam, Riashat and Bachman, Philip and Pineau, Joelle and Precup, Doina and Meger, David},
  booktitle={Thirty-Second AAAI Conference on Artificial Intelligence},
  year={2018}
}

@article{xiao2018deep,
  title={A deep learning-based multi-model ensemble method for cancer prediction},
  author={Xiao, Yawen and Wu, Jun and Lin, Zongli and Zhao, Xiaodong},
  journal={Computer methods and programs in biomedicine},
  volume={153},
  pages={1--9},
  year={2018},
  publisher={Elsevier}
}

@article{islam2017reproducibility,
  title={Reproducibility of benchmarked deep reinforcement learning tasks for continuous control},
  author={Islam, Riashat and Henderson, Peter and Gomrokchi, Maziar and Precup, Doina},
  journal={arXiv preprint arXiv:1708.04133},
  year={2017}
}

@misc{brockman2016openai,
    title={OpenAI Gym},
    author={Greg Brockman and Vicki Cheung and Ludwig Pettersson and Jonas Schneider and John Schulman and Jie Tang and Wojciech Zaremba},
    year={2016},
    eprint={1606.01540},
    archivePrefix={arXiv},
    primaryClass={cs.LG}
}

@MISC{coumans2019pybullet,
author =   {Erwin Coumans and Yunfei Bai},
title =    {PyBullet, a Python module for physics simulation for games, robotics and machine learning},
howpublished = {{http://pybullet.org}},
year = {2016--2019}
}

@inproceedings{todorov2012mujoco,
  title={Mujoco: A physics engine for model-based control},
  author={Todorov, Emanuel and Erez, Tom and Tassa, Yuval},
  booktitle={2012 IEEE/RSJ International Conference on Intelligent Robots and Systems},
  pages={5026--5033},
  year={2012},
  organization={IEEE}
}

@article{achiam2018openai,
    author = {Achiam, Joshua},
    title = {{Spinning Up in Deep Reinforcement Learning}},
    year = {2018}
}

@misc{wandb,
title = {Experiment Tracking with Weights and Biases},
year = {2020},
note = {Software available from wandb.com},
url={https://www.wandb.com/},
author = {Biewald, Lukas},
}
